<?xml version="1.0" encoding="UTF-8"?>
<OAI-PMH xmlns="http://www.openarchives.org/OAI/2.0/" xmlns:xsi="http://www.w3.org/2001/XMLSchema-instance" xsi:schemaLocation="http://www.openarchives.org/OAI/2.0/ http://www.openarchives.org/OAI/2.0/OAI-PMH.xsd">
  <ListRecords>
    <record>
      <header>
        <identifier>aleph-publish:002136771</identifier>
      </header>
      <metadata>
        <record xmlns="http://www.ddb.de/professionell/mabxml/mabxml-1.xsd">
          <leader>00508vM2.01200024------h</leader>
          <controlfield tag="LDR">00508vM2.01200024------h</controlfield>
          <controlfield tag="FMT">MH</controlfield>
          <datafield tag="001" ind1="-" ind2="1">
            <subfield code="a">HT005207972</subfield>
          </datafield>
          <datafield tag="002" ind1="a" ind2="1">
            <subfield code="a">19990712</subfield>
          </datafield>
          <datafield tag="003" ind1="-" ind2="1">
            <subfield code="a">20010409</subfield>
          </datafield>
          <datafield tag="025" ind1="o" ind2="1">
            <subfield code="a">265495256</subfield>
          </datafield>
          <controlfield tag="030">a|1uc||||||17</controlfield>
          <datafield tag="036" ind1="a" ind2="1">
            <subfield code="a">US</subfield>
          </datafield>
          <datafield tag="037" ind1="b" ind2="1">
            <subfield code="a">ger</subfield>
          </datafield>
          <controlfield tag="050">a|||||||||||||</controlfield>
          <controlfield tag="051">m|||||||</controlfield>
          <datafield tag="070" ind1="-" ind2="1">
            <subfield code="a">361</subfield>
          </datafield>
          <datafield tag="070" ind1="b" ind2="1">
            <subfield code="a">385</subfield>
          </datafield>
          <datafield tag="080" ind1="-" ind2="1">
            <subfield code="a">60</subfield>
          </datafield>
          <datafield tag="100" ind1="-" ind2="1">
            <subfield code="p">Marshall, Ray</subfield>
          </datafield>
          <datafield tag="104" ind1="a" ind2="1">
            <subfield code="p">Cartter, Allan Murray</subfield>
            <subfield code="9">(DE-588)127022538</subfield>
          </datafield>
          <datafield tag="105" ind1="-" ind2="1">
            <subfield code="p">Cartter, Allan M.</subfield>
          </datafield>
          <datafield tag="105" ind1="-" ind2="1">
            <subfield code="p">Murray Cartter, Allan</subfield>
          </datafield>
          <datafield tag="108" ind1="a" ind2="1">
            <subfield code="p">King, Allan G.</subfield>
          </datafield>
          <datafield tag="331" ind1="-" ind2="1">
            <subfield code="a">Labor economics</subfield>
          </datafield>
          <datafield tag="335" ind1="-" ind2="1">
            <subfield code="a">wages, employment, and trade unionism</subfield>
          </datafield>
          <datafield tag="359" ind1="-" ind2="1">
            <subfield code="a">F. Ray Marshall ; Allan M. Cartter ; Allan G. King</subfield>
          </datafield>
          <datafield tag="403" ind1="-" ind2="1">
            <subfield code="a">3. ed.</subfield>
          </datafield>
          <datafield tag="410" ind1="-" ind2="1">
            <subfield code="a">Homewood, Ill.</subfield>
          </datafield>
          <datafield tag="412" ind1="-" ind2="1">
            <subfield code="a">Irwin</subfield>
          </datafield>
          <datafield tag="425" ind1="a" ind2="1">
            <subfield code="a">1976</subfield>
          </datafield>
          <datafield tag="433" ind1="-" ind2="1">
            <subfield code="a">XIV, 633 S.</subfield>
          </datafield>
          <datafield tag="540" ind1="a" ind2="1">
            <subfield code="a">0-256-01824-3</subfield>
          </datafield>
          <datafield tag="902" ind1="-" ind2="1">
            <subfield code="s">Arbeitsökonomie</subfield>
            <subfield code="9">(DE-588)4322126-9</subfield>
          </datafield>
          <controlfield tag="SYS">002136771</controlfield>
          <datafield tag="952" ind1="-" ind2="1">
            <subfield code="s">Labor economics</subfield>
          </datafield>
          <datafield tag="952" ind1="-" ind2="1">
            <subfield code="s">Labour economics</subfield>
          </datafield>
          <datafield tag="952" ind1="-" ind2="1">
            <subfield code="s">Arbeitsökonomik</subfield>
          </datafield>
          <datafield tag="088" ind1=" " ind2=" ">
            <subfield code="a">466</subfield>
            <subfield code="e">keine Angabe</subfield>
          </datafield>
          <datafield tag="088" ind1=" " ind2=" ">
            <subfield code="a">290</subfield>
            <subfield code="b">F_ZB</subfield>
            <subfield code="c">F 29772</subfield>
            <subfield code="e">ILL Kopie+Ausl.</subfield>
          </datafield>
          <datafield tag="088" ind1=" " ind2=" ">
            <subfield code="a">361</subfield>
            <subfield code="b">13W_M</subfield>
            <subfield code="c">SL800 M367(3)</subfield>
            <subfield code="e">ILL Kopie+Ausl.</subfield>
          </datafield>
          <datafield tag="088" ind1=" " ind2=" ">
            <subfield code="a">290</subfield>
            <subfield code="b">F_SF</subfield>
            <subfield code="c">5200/Mars</subfield>
            <subfield code="e">ILL nur Kopie</subfield>
          </datafield>
          <datafield tag="088" ind1=" " ind2=" ">
            <subfield code="a">385</subfield>
            <subfield code="c">t20962(3)</subfield>
            <subfield code="e">Normalausleihe</subfield>
          </datafield>
        </record>
      </metadata>
    </record>
  </ListRecords>
</OAI-PMH>
